
@article{JVM-14,
    author = {Ковтанюк, А. Е. and Чеботарев, А. Ю.},
    title = {Стационарная задача сложного теплообмена},
    journal = {Журнал вычислительной математики и математической физики},
    year = {2014},
    volume = {54},
    number = {4},
    pages = {711--719}
}

@article{CNSNS18,
    author = {Chebotarev, A. Y. and Grenkin, G. V. and Kovtanyuk, A. E. and Botkin, N. D. and Hoffmann, K.-H.},
    title = {Diffusion approximation of the radiative-conductive heat transfer model with Fresnel matching conditions},
    journal = {Communications in Nonlinear Science and Numerical Simulation},
    year = {2018},
    volume = {57},
    pages = {290-298}
}

@article{DU-2020,
    author = {Чеботарев, А. Ю.},
    title = {Неоднородная краевая задача для уравнений сложного теплообмена с френелевскими условиями сопряжения},
    journal = {Дифференциальные уравнения},
    year = {2020},
    volume = {56},
    number = {12},
    pages = {1660-1665}
}

@article{JMAA-22,
    author = {Chebotarev, A. Y. and Kovtanyuk, A. E.},
    title = {Quasi-static diffusion model of complex heat transfer with reflection and refraction conditions},
    journal = {Journal of Mathematical Analysis and Applications},
    year = {2022},
    volume = {507},
    pages = {125745}
}

@article{Kovt14-2,
    author = {Ковтанюк, А. Е. and Чеботарев, А. Ю.},
    title = {Стационарная задача свободной конвекции с радиационным теплообменом},
    journal = {Дифференциальные уравнения},
    year = {2014},
    volume = {50},
    number = {12},
    pages = {1590--1597}
}



@article{AMC-14,
    author = {Kovtanyuk, A. E. and Chebotarev, A. Y. and Botkin, N. D. and Hoffmann, K.-H.},
    title = {Solvability of P1 approximation of a conductive-radiative heat transfer problem},
    journal = {Applied Mathematics and Computation},
    year = {2014},
    volume = {249},
    pages = {247-252}
}

@article{Grenkin1,
    author = {Гренкин, Г. В. and Чеботарев, А. Ю.},
    title = {Нестационарная задача сложного теплообмена},
    journal = {Журнал вычислительной математики и математической физики},
    year = {2014},
    volume = {54},
    number = {11},
    pages = {1806--1816}
}

@article{CNSNS-15,
    author = {Kovtanyuk, A. E. and Chebotarev, A. Yu. and Botkin, N. D. and Hoffmann, K.-H.},
    title = {Unique solvability of a steady-state complex heat transfer model},
    journal = {Communications in Nonlinear Science and Numerical Simulation},
    year = {2015},
    volume = {20},
    number = {3},
    pages = {776--784}
}

@article{Grenkin2,
    author = {Гренкин, Г. В. and Чеботарев, А. Ю.},
    title = {Нестационарная задача свободной конвекции с радиационным теплообменом},
    journal = {Журнал вычислительной математики и математической физики},
    year = {2016},
    volume = {56},
    number = {2},
    pages = {275--282}
}

@article{JMAA-16,
    author = {Kovtanyuk, A. E. and Chebotarev, A. Yu. and Botkin, N. D. and Hoffmann, K.-H.},
    title = {Optimal boundary control of a steady-state heat transfer model accounting for radiative effects},
    journal = {Journal of Mathematical Analysis and Applications},
    year = {2016},
    volume = {439},
    number = {2},
    pages = {678--689}
}

@article{AMC-16,
    author = {Chebotarev, A. Yu. and Kovtanyuk, A. E. and Grenkin, G. V. and Botkin, N. D. and Hoffmann, K.-H.},
    title = {Nondegeneracy of optimality conditions in control problems for a radiative-conductive heat transfer model},
    journal = {Applied Mathematics and Computation},
    year = {2016},
    volume = {289},
    pages = {371--380}
}

@article{JVM-16,
    author = {Ковтанюк, А. Е. and Чеботарев, А. Ю.},
    title = {Нелокальная однозначная разрешимость стационарной задачи сложного теплообмена},
    journal = {Журнал вычислительной математики и математической физики},
    year = {2016},
    volume = {56},
    number = {5},
    pages = {816--823}
}

@article{ESAIM,
    author = {Chebotarev, A. Yu. and Grenkin, G. V. and Kovtanyuk, A. E.},
    title = {Inhomogeneous steady-state problem of complex heat transfer},
    journal = {ESAIM: Mathematical Modelling and Numerical Analysis},
    year = {2017},
    volume = {51},
    number = {6},
    pages = {2511--2519}
}

@article{JMAA-18,
    author = {Chebotarev, A. Yu. and Grenkin, G. V. and Kovtanyuk, A. E. and Botkin, N. D. and Hoffmann, K.-H.},
    title = {Inverse problem with finite overdetermination for steady-state equations of radiative heat exchange},
    journal = {Journal of Mathematical Analysis and Applications},
    year = {2018},
    volume = {460},
    number = {2},
    pages = {737--744}
}

@article{Chebotarev2019Problem,
    author = {Chebotarev, A. Y. and Kovtanyuk, A. E. and Botkin, N. D.},
    title = {Problem of radiation heat exchange with boundary conditions of the Cauchy type},
    journal = {Communications in Nonlinear Science and Numerical Simulation},
    year = {2019},
    volume = {75},
    pages = {262-269}
}

@article{JMAA-19,
    author = {Chebotarev, A. Yu. and Pinnau, R.},
    title = {An inverse problem for a quasi-static approximate model of radiative heat transfer},
    journal = {Journal of Mathematical Analysis and Applications},
    year = {2019},
    volume = {472},
    number = {1},
    pages = {314--327}
}

@article{JVM-19-INV,
    author = {Гренкин, Г. В. and Чеботарев, А. Ю.},
    title = {Обратная задача для уравнений сложного теплообмена},
    journal = {Журнал вычислительной математики и математической физики},
    year = {2019},
    volume = {59},
    number = {8},
    pages = {1420-1430}
}

@article{Amosov16,
    author = {Amosov, A.},
    title = {Unique Solvability of a Nonstationary Problem of Radiative-Conductive Heat Exchange in a System of Semitransparent Bodies},
    journal = {Russian Journal of Mathematical Physics},
    year = {2016},
    volume = {23},
    number = {3},
    pages = {309-334}
}

@article{Amosov17,
    author = {Amosov, A. A.},
    title = {Unique Solvability of Stationary Radiative-Conductive Heat Transfer Problem in a System of Semitransparent Bodies},
    journal = {Journal of Mathematical Sciences},
    year = {2017},
    volume = {224},
    number = {5},
    pages = {618-646}
}

@article{Amosov18,
    author = {Amosov, A. A.},
    title = {Nonstationary problem of complex heat transfer in a system of semitransparent bodies with boundary-value conditions of diffuse reflection and refraction of radiation},
    journal = {Journal of Mathematical Sciences},
    year = {2018},
    volume = {233},
    number = {6},
    pages = {777-806}
}
@article{Amosov20,
    author = {Amosov, A. A. and Krymov, N. E.},
    title = {On a Nonstandard Boundary Value Problem Arising in Homogenization of Complex Heat Transfer Problems},
    journal = {Journal of Mathematical Sciences},
    year = {2020},
    volume = {244},
    pages = {357-377}
}

@article{Amosov20-1,
    author = {Amosov, A. A.},
    title = {Asymptotic Behavior of a Solution to the Radiative Transfer Equation in a Multilayered Medium with Diffuse Reflection and Refraction Conditions},
    journal = {Journal of Mathematical Sciences},
    year = {2020},
    volume = {244},
    pages = {541-575}
}

@book{Kufner,
    author = {Fučik, S. and Kufner, A.},
    title = {Nonlinear differential equations},
    publisher = {Elsevier},
    address = {Amsterdam--Oxford--New York},
    year = {1980}
}

@book{10,
    author = {Fursikov, A. V.},
    title = {Optimal Control of Distributed Systems. Theory and Applications},
    publisher = {American Mathematical Society},
    year = {2000}
}

@book{11,
    author = {Ioffe, A. D. and Tikhomirov, V. M.},
    title = {Theory of Extremal Problems},
    publisher = {North-Holland},
    address = {Amsterdam},
    year = {1979}
}

@article{fenics,
    author = {Alnaes, M. S. and Blechta, J. and Hake, J. and Johansson, A. and Kehlet, B. and Logg, A. and Richardson, C. and Ring, J. and Rognes, M. E. and Wells, G. N.},
    title = {The FEniCS Project Version 1.5},
    journal = {Archive of Numerical Software},
    year = {2015},
    volume = {3}
}

@article{dolfin,
    author = {Logg, A. and Wells, G. N.},
    title = {DOLFIN: Automated Finite Element Computing},
    journal = {ACM Transactions on Mathematical Software},
    year = {2010},
    volume = {37}
}

@misc{mesenev-github,
    title = {Mesenev's GitHub Repository},
    howpublished = {\url{https://github.com/mesenev/articles_src}}
}
