@article{mesenev_23_opt,
    author = {P. R. Mesenev},
    title = {Optimization method for solving the inverse problem of complex heat transfer},
    journal = {Дальневост. матем. журн.},
    year = {2023},
    volume = {23},
    number = {1},
    pages = {81--84},
    url = {http://mi.mathnet.ru/dvmg508},
    doi = {10.47910/FEMJ202307},
    authorvak = {true}
}

@article{mesenev_23_problem,
    author = {П. Р. Месенев and А. Ю. Чеботарев},
    title = {Задача сложного теплообмена с условиями типа Коши на части границы},
    journal = {Ж. вычисл. матем. и матем. физ.},
    year = {2023},
    volume = {63},
    number = {5},
    pages = {856--863},
    url = {http://mi.mathnet.ru/zvmmf11560},
    doi = {10.31857/S0044466923050162},
    elib = {https://elibrary.ru/item.asp?id=53738581},
    translation = {Comput. Math. Math. Phys.},
    translation_year = {2023},
    translation_volume = {63},
    translation_number = {5},
    translation_pages = {897--904},
    translation_doi = {10.1134/S0965542523050135},
    authorvak = {true},
    authorscopus = {true},
}

@inproceedings{mesenev_23_inv_proc,
    title = {Inverse problem with unknown sources for a quasi-linear complex heat transfer model},
    url = {http://dx.doi.org/10.1109/DD58728.2023.10325734},
    DOI = {10.1109/dd58728.2023.10325734},
    booktitle = {2023 Days on Diffraction (DD)},
    publisher = {IEEE},
    pages = {31--35},
    author = {Chebotarev, Alexander and Mesenev, Pavel and Kovtanyuk, Andrey},
    year = {2023},
    month = jun,
    authorvak = {true},
    authorscopus = {true},
    authorconf = {true},
}

@article{mesenev_23_math,
    title = {Mathematical modeling of complex heat transfer in the context of the endovenous laser ablation},
    volume = {2514},
    ISSN = {1742-6596},
    url = {http://dx.doi.org/10.1088/1742-6596/2514/1/012006},
    DOI = {10.1088/1742-6596/2514/1/012006},
    number = {1},
    journal = {Journal of Physics: Conference Series},
    publisher = {IOP Publishing},
    author = {Yu Chebotarev, A and Park, N M and Mesenev, P R and Kovtanyuk, A E},
    year = {2023},
    month = may,
    pages = {012006},
    authorvak = {true},
    authorscopus = {true},
    authorconf = {true},
}

@article{mesenev_22_penalty,
    AUTHOR = "Chebotarev, A. Yu. and Park, N. M. and Mesenev, P. R. and
 Kovtanyuk, A. E.",
    TITLE = {Penalty method to solve an optimal control problem for a
 quasilinear parabolic equation},
    JOURNAL = {Dal’nevostochnyi Matematicheskii Zhurnal},
    FJOURNAL = {Dal’nevostochnyi Matematicheskii Zhurnal. Far
 Eastern Mathematical Journal},
    VOLUME = {22},
    YEAR = {2022},
    pages = {158--163},
    authorvak = {true},
}

@ARTICLE{Mesenev_22_analysis,
    title = "Analysis of an optimization method for solving the problem of
               complex heat transfer with Cauchy boundary conditions",
    author = "Mesenev, P R and Chebotarev, A Yu",
    journal = "Comput. Math. Math. Phys.",
    publisher = "Pleiades Publishing Ltd",
    volume = 62,
    number = 1,
    pages = {33--41},
    month = jan,
    year = 2022,
    language = "en",
    authorvak = {true},
    authorscopus = {true},
}

@INPROCEEDINGS{mesenev_21_optimal_proc,
    title = {Optimal control with phase constraints for a quasilinear endovenous laser ablation model},
    url = {http://dx.doi.org/10.1109/DD52349.2021.9598691},
    DOI = {10.1109/dd52349.2021.9598691},
    booktitle = {2021 Days on Diffraction (DD)},
    publisher = {IEEE},
    pages = {19--24},
    author = "Chebotarev, Alexander and Kovtanyuk, Andrey and Park, Nikolai and Mesenev, Pavel",
    year = {2021},
    month = may,
    authorvak = {true},
    authorscopus = {true},
    authorconf = {true},
}

@inproceedings{mesenev_20_opt_proc,
    title = {Optimization algorithm for radiative-conductive heat
 transfer model with boundary conditions of Cauchy type},
    volume = {2783},
    booktitle = {MMSC 2020 - Proceedings of the Workshop on Mathematical Modeling
 and Scientific Computing: Focus on Complex Processes and Systems
 -- Dedicated to the Memory of Nikolai Botkin},
    pages = {29--40},
    publisher = {CEUR WORKSHOP PROCEEDINGS},
    author = "Chebotarev, Alexander and Kovtanyuk, Andrey and Mesenev, Pavel",
    year = 2020,
    month = nov,
    language = {english},
    location = "Munich, Germany",
    authorvak = {true},
    authorscopus = {true},
    authorconf = {true},
}

@article{mesenev_20_alg,
    title = {An algorithm for solving the boundary value problem of radiation
 heat transfer without boundary conditions for radiation intensity},
    ISSN = {1608-845X},
    url = {http://dx.doi.org/10.47910/FEMJ202012},
    DOI = {10.47910/femj202012},
    journal = {Dal’nevostochnyi Matematicheskii Zhurnal},
    publisher = {Institute for Applied Mathematics, Far Eastern Branch, Russian Academy of Sciences},
    author = {Chebotarev, A. Yu. and Mesenev, P. R.},
    year = {2020},
    month = jun,
    pages = {114--122},
    authorvak = {true},
}

@inproceedings{mesenev_18_boundary_proc,
    title = {Граничная обратная задача для уравнений сложного теплообмена},
    booktitle = {Материалы региональной научно-практической конференции студентов,
 аспирантов и молодых учёных по естественным наукам},
    publisher = {Дальневосточный федеральный университет},
    author = {Месенев П. Р.},
    year = 2018,
    month = apr,
    conference = "РЕГИОНАЛЬНАЯ НАУЧНО-ПРАКТИЧЕСКАЯ КОНФЕРЕНЦИЯ СТУДЕНТОВ, АСПИРАНТОВ И МОЛОДЫХ УЧЁНЫХ ПО ЕСТЕСТВЕННЫМ НАУКАМ",
    location = "Владивосток, Россия",
    authorother = {true},
    authorconf = {true}
}

@article{mesenev_18_boundary,
    AUTHOR = {Mesenev, P. R. and Chebotarev, A. Yu.},
    TITLE = {A boundary inverse problem for complex heat transfer equations},
    JOURNAL = {Dal’nevostochnyi Matematicheskii Zhurnal},
    VOLUME = {18},
    YEAR = {2018},
    NUMBER = {1},
    PAGES = {75--84},
    ISSN = {1608-845X},
    MRCLASS = {35R30 (35J57 35J61 35Q79)},
    MRNUMBER = {3818636},
    authorvak = {true},
}
