@article{Endovenous_vandenBos2009,
    author = {van den Bos, R. R. and Neumann, M. and de Roos, K.-P. and Nijsten, T.},
    title = {Endovenous laser ablation-induced complications: Review of the literature and new cases},
    journal = {Dermatol. Surg.},
    year = {2009},
    volume = {35},
    number = {8},
    pages = {1206-1214}
}


@article{Opticalthermal_vanRuijven2014,
    author = {van Ruijven, P. W. M. and Poluektova, A. A. and van Gemert, M. J. C. and Neumann, H. A. M. and Nijsten, T. and van der Geld, C.W.M.},
    title = {Opticalthermal mathematical model for endovenous laser ablation of varicose veins},
    journal = {Lasers Med. Sci.},
    year = {2014},
    volume = {29},
    pages = {431-439}
}

@article{Some_Poluektova2014,
    author = {Poluektova, A. A. and Malskat, W.S. J. and van Gemert, M. J. C. and Vuylsteke, M. E. and Bruijninckx, C. M. A. and Neumann, H. A. M. and van der Geld, C. W. M.},
    title = {Some controversies in endovenous laser ablation of varicose veins addressed by optical-thermal mathematical modeling},
    journal = {Lasers Med. Sci.},
    year = {2014},
    volume = {29},
    pages = {441-452}
}

@article{Endovenous_Malskat2014,
    author = {Malskat, W. S. J. and Poluektova, A. A. and van der Geld, C.W.M. and Neumann, H. A.M. and Weiss, R. A. and Bruijninckx, C.M. A. and van Gemert, M. J. C.},
    title = {Endovenous laser ablation (EVLA): A review of mechanisms, modeling outcomes, and issues for debate},
    journal = {Lasers Med. Sci.},
    year = {2014},
    volume = {29},
    pages = {393-403}
}

@article{Mathematical_Mordon2006,
    author = {Mordon, S. and Wassmer, B. and Zemmouri, J.},
    title = {Mathematical modeling of endovenous laser treatment (ELT)},
    journal = {BioMed. Eng. OnLine.},
    year = {2006},
    volume = {5},
    pages = {26}
}

@article{Stability_Alekseev2016,
    author = {Alekseev, G. V. and Brizitskii, R. V. and Saritskaya, Zh. Yu.},
    title = {Stability estimates of extremum problem's solutions for nonlinear convectiondiffusion-reaction equation},
    journal = {Sib. J. Industrial Math.},
    year = {2016},
    volume = {10},
    pages = {155-167}
}

@article{Optimization_Brizitskii2018,
    author = {Brizitskii, R. V. and Saritskaya, Zh. Yu.},
    title = {Optimization analysis of the inverse coefficient problem for the nonlinear convection-diffusionreaction equation},
    journal = {J. Inv. Ill-Posed Probl.},
    year = {2018},
    volume = {9},
    pages = {821-834}
}

@article{Theoretical_Maslovskaya2021,
    author = {Maslovskaya, A. G. and Moroz, L. I. and Chebotarev, A. Y. and Kovtanyuk, A. E.},
    title = {Theoretical and numerical analysis of the Landau-Khalatnikov model of ferroelectric hysteresis},
    journal = {Commun. Nonlinear Sci. Numer. Simul.},
    year = {2021},
    volume = {93},
    note = {105524}
}

@article{Optimal_Kovtanyuk2020,
    author = {Kovtanyuk, A. E. and Chebotarev, A. Yu. and Astrakhantseva, A. A. and Sushchenko, A. A.},
    title = {Optimal control of endovenous laser ablation},
    journal = {Opt. Spectrosc.},
    year = {2020},
    volume = {128},
    number = {9},
    pages = {1508-1516}
}

@article{Inverse_Kovtanyuk2021,
    author = {Kovtanyuk, A. and Chebotarev, A. and Astrakhantseva, A.},
    title = {Inverse extremum problem for a model of endovenous laser ablation},
    journal = {J. Inv. Ill-Posed Probl.},
    year = {2021},
    volume = {29},
    number = {3},
    pages = {467-476}
}
