%https://www.doi2bib.org/bib/

@book{TikhonovSamarskii1972,
    author = {Тихонов, А.Н. and Самарский, А.А.},
    title = {Уравнения математической физики},
    publisher = {Наука},
    year = {1972},
    address = {Москва},
    pages = {736}
}

@BOOK{Aliphanov2009,
    title = "Обратные задачи в исследовании сложного теплообмена",
    author = "Алифанов, Олег Михайлович",
    abstract = "В издании подробно описаны соответствующие вычислительные
              процедуры и комплекс программ, созданный для идентификации
              математических моделей. Предназначено для научных работников и
              инженеров, преподавателей, аспирантов и студентов",
    year = 2009,
    language = "ru"
}

@BOOK{Beck1985-fg,
    title = "Inverse heat conduction",
    author = "Beck, James V and {etc.} and St. Clair, C R",
    publisher = "John Wiley \& Sons",
    month = nov,
    year = 1985,
    address = "Nashville, TN",
    language = "en"
}

@article{Alekseev2019Simulation,
  doi = {10.15372/pmtf20190213},
  url = {https://doi.org/10.15372/pmtf20190213},
  year = {2019},
  publisher = {Publishing House {SB} {RAS}},
  number = {2},
  title = {Simulation and Optimization in the Problems of Design of Spherical Layered Thermal Shells},
  journal = {Прикладная механика и техническая физика}
}

@article{Marshak1947,
  title={Note on the spherical harmonic method as applied to the Milne problem for a sphere},
  author={Marshak, R. E.},
  journal={Phys. Rev.},
  volume={71},
  number={7},
  pages={443--446},
  year={1947}
}

@book{DuderstadtHamilton1976,
  title={Nuclear reactor analysis},
  author={Duderstadt, J.J. and Hamilton, L.J.},
  publisher={Wiley},
  year={1976}
}

@book{DuderstadtMartin1979,
  title={Transport theory},
  author={Duderstadt, J.J. and Martin, W.R.},
  publisher={Wiley},
  year={1979}
}

@book{WangWu2007,
  title={Biomedical optics},
  author={Wang, L.V. and Wu, H.},
  publisher={Wiley},
  year={2007}
}

@article{FishkinGratton1993,
  title={Propagation of photon-density waves in strongly scattering media containing an absorbing semi-infinite plane bounded by a straight edge},
  author={Fishkin, J.B. and Gratton, E.},
  journal={J. Opt. Soc. Am. A},
  volume={10},
  number={1},
  pages={127--140},
  year={1993}
}
@article{CMMP20,
  title={Стационарная задача радиационного теплообмена с граничными условиями типа Коши},
  author={Колобов, А.Г. and Пак, Т.В. and Чеботарев, А.Ю.},
  journal={Журнал вычислительной математики и математической физики},
  volume={59},
  number={7},
  pages={1258--1263},
  year={2019}
}


@article{HaskellEtAl1994,
  title={Boundary conditions for the diffusion equation in radiative transfer},
  author={Haskell, R.C. and Svaasand, L.O. and Tsay, T.-T. and Feng, T.-C. and McAdams, M.S. and Tromberg, B.J.},
  journal={J. Opt. Soc. Am. A},
  volume={11},
  number={10},
  pages={2727--2741},
  year={1994}
}

@phdthesis{Boas1996,
  title={Diffuse photon probes of structural and dynamical properties of turbid media: theory and biomedical applications},
  author={Boas, D.A.},
  school={University of Pennsylvania},
  year={1996}
}
@book{Keiz1972,
  title={Линейная теория переноса},
  author={Кейз, К. and Цвайфель, П.},
  publisher={Мир},
  year={1972}
}

@article{Hecht2012,
  doi = {10.1515/jnum-2012-0013},
  url = {https://doi.org/10.1515/jnum-2012-0013},
  year = {2012},
  publisher = {Walter de Gruyter {GmbH}},
  volume = {20},
  number = {3-4},
  author = {F. Hecht},
  title = {New development in freefem++},
  journal = {Journal of Numerical Mathematics}
}
︎@article{QIAN1999145,
title = {On the momentum term in gradient descent learning algorithms},
journal = {Neural Networks},
volume = {12},
number = {1},
pages = {145-151},
year = {1999},
issn = {0893-6080},
doi = {https://doi.org/10.1016/S0893-6080(98)00116-6},
url = {https://www.sciencedirect.com/science/article/pii/S0893608098001166},
author = {Ning Qian},
keywords = {Momentum, Gradient descent learning algorithm, Damped harmonic oscillator, Critical damping, Learning rate, Speed of convergence},
abstract = {A momentum term is usually included in the simulations of connectionist learning algorithms. Although it is well known that such a term greatly improves the speed of learning, there have been few rigorous studies of its mechanisms. In this paper, I show that in the limit of continuous time, the momentum parameter is analogous to the mass of Newtonian particles that move through a viscous medium in a conservative force field. The behavior of the system near a local minimum is equivalent to a set of coupled and damped harmonic oscillators. The momentum term improves the speed of convergence by bringing some eigen components of the system closer to critical damping. Similar results can be obtained for the discrete time case used in computer simulations. In particular, I derive the bounds for convergence on learning-rate and momentum parameters, and demonstrate that the momentum term can increase the range of learning rate over which the system converges. The optimal condition for convergence is also analyzed.}
}


@inproceedings{Sutton1986,
  title={Two problems with backpropagation and other steepest-descent learning procedures for networks},
  author={Sutton, R. S.},
  booktitle={Proc. 8th Annual Conf. Cognitive Science Society},
  year={1986}
}

@phdthesis{Sutskever2013,
  title={Training Recurrent Neural Networks},
  author={Sutskever, Ilya},
  year={2013},
  school={University of Toronto}
}

@inproceedings{Duchi2011,
  title={Efficient projections onto the l1-ball for learning in high dimensions},
  author={Duchi, John and Shalev-Shwartz, Shai and Singer, Yoram and Chandra, Tushar},
  booktitle={Proceedings of the 25th international conference on Machine learning},
  pages={272--279},
  year={2011}
}

@inproceedings{kennedy1995,
  title={Particle swarm optimization},
  author={Kennedy, James and Eberhart, Russell},
  booktitle={Proceedings of IEEE International Conference on Neural Networks},
  volume={4},
  pages={1942--1948},
  year={1995}
}

