@Patent{progbib1,
    heading = {Свидетельство о гос. регистрации программы для {ЭВМ}},
    author = {Месенев, П. Р.},
    title = {Солвер обратной задачи сложного теплообмена с
граничными условиями типа Коши},
    media = {text},
    holder = {Федеральное государственное автономное
образовательное учреждение высшего
образования «Дальневосточный федеральный
университет»},
    reqnumber = 2023669496,
    publdate = {2023-10-06},
    date = {2023-09-25},
    prnumber = 2023680939,
    prcountry = {countryru},
    language = {russian},
    authorprogram = {yes},
}

@Patent{progbib2,
    heading = {Свидетельство о гос. регистрации программы для {ЭВМ}},
    author = {Месенев, П. Р.},
    title = {Программа для нахождения квазирешения обратной задачи сложного теплообмена с
дополнительным температурным условием на границе},
    media = {text},
    holder = {Федеральное государственное автономное
образовательное учреждение высшего
образования «Дальневосточный федеральный
университет»},
    reqnumber = 2024615095,
    publdate = {2024-03-01},
    date = {2024-03-01},
    prnumber = 2024613068,
    prcountry = {countryru},
    language = {russian},
    authorprogram = {yes},
}

@Patent{progbib3,
    heading = {Свидетельство о гос. регистрации программы для {ЭВМ}},
    author = {Месенев, П. Р.},
    title = {Программа для решения граничной обратной задачи сложного теплообмена с
переопределением на части границы},
    media = {text},
    holder = {Федеральное государственное автономное
образовательное учреждение высшего
образования «Дальневосточный федеральный
университет»},
    reqnumber = 2024618129,
    publdate = {2024-0-27},
    date = {2024-04-04},
    prnumber = 2024617082,
    prcountry = {countryru},
    language = {russian},
    authorprogram = {yes},
}
